<?xml version="1.0" encoding="UTF-8"?><collection xmlns="http://www.loc.gov/MARC21/slim"><record><leader>00463nam--2200181-i-4500</leader><controlfield tag="001">000004012</controlfield><controlfield tag="002">20161230</controlfield><controlfield tag="005">20161230201025</controlfield><controlfield tag="008">060222s1000------------r-----000-0-eng-d</controlfield><datafield ind1=" " ind2=" " tag="040"><subfield code="a">IFIN-HH</subfield></datafield><datafield ind1=" " ind2=" " tag="080"><subfield code="a">537+538</subfield></datafield><datafield ind1="1" ind2=" " tag="100"><subfield code="a">Bleaney, B.I</subfield></datafield><datafield ind1=" " ind2=" " tag="245"><subfield code="a">Electricity and magnetism</subfield><subfield code="c">B.i. bleaney; b. bleaney</subfield></datafield><datafield ind1=" " ind2=" " tag="260"><subfield code="a">Oxford</subfield><subfield code="b">Calderon Press</subfield><subfield code="c">1957</subfield></datafield><datafield ind1=" " ind2=" " tag="300"><subfield code="a">XIV + 676 P</subfield></datafield><datafield ind1="1" ind2=" " tag="700"><subfield code="a">Bleaney, B</subfield></datafield><datafield ind1=" " ind2=" " tag="852"><subfield code="a">13168</subfield><subfield code="c">537:538</subfield></datafield><datafield ind1=" " ind2=" " tag="CAT"><subfield code="a">Sys</subfield><subfield code="c">20110609</subfield><subfield code="h">091340</subfield></datafield></record></collection>